% This file was created with JabRef 2.10b2.
% Encoding: UTF-8


@Electronic{github-io,
  Title                    = {prism-dev physical model documentation},
  Author                   = {CORPS-G},
  Note                     = {\url{http://corps-g.github.io/prism-dev/}},
  Organization             = {Kansas State University},
  Year                     = {2016},

  Owner                    = {richard},
  Timestamp                = {2016.01.29}
}

@Electronic{kivyapps,
  Title                    = {kivy-miniapps repository},
  Author                   = {CORPS-G},
  Note                     = {\url{http://github.com/corps-g/kivy-miniapps}},
  Organization             = {Kansas State University},
  Year                     = {2016},

  Owner                    = {richard},
  Timestamp                = {2016.01.29}
}

@PhdThesis{kao1984,
  Title                    = {A Multiple-Loop Primary System Model for Pressurized Water Reactor Plant Sensor Validation},
  Author                   = {Shih-Ping Kao},
  School                   = {Massachusetts Institute of Technology},
  Year                     = {1984},

  Owner                    = {richard},
  Timestamp                = {2015.05.09}
}

@Misc{kivy,
  Title                    = {Python Kivy Library},
  Note                     = {\url{http://kivy.org}},

  Owner                    = {richard},
  Timestamp                = {2016.03.07}
}

